@webpage{WalkScore:2023tg,
	author = {{Walk Score}},
	date-added = {2023-06-24 16:03:41 +1000},
	date-modified = {2023-06-24 16:03:41 +1000},
	description = {Walk Score helps people find walkable places to live.  Walk Score calculates the walkability of any address.},
	keywords = {walk, walking, walkable, walkable neighborhoods, compact neighborhood, pedestrian friendly design, pedestrian-friendly design, pedestrian centric design, pedestrian-centric design, walking map, urban planning, urban planning walking, urban design, sidewalk design, street design, grid, walking grid},
	lastchecked = {June 24, 2023},
	title = {Transit Score methodology},
	url = {https://www.walkscore.com/transit-score-methodology.shtml},
	year = {2023},
	bdsk-url-1 = {https://www.walkscore.com/transit-score-methodology.shtml}}

@book{TCQSM:2013,
	address = {Washington DC},
	author = {{Kittleson \& Associates} and {Parsons Brinckerhoff} and {KFH Group} and Texas  {A\&M Transportation Institute} and {ARUP}},
	date-added = {2023-06-24 15:56:59 +1000},
	date-modified = {2023-06-24 15:59:40 +1000},
	edition = {Third Edition},
	id = {45},
	institution = {Transportation Research Board},
	number = {TCRP Report 165},
	publisher = {Board, Transportation Research},
	st = {Transit Capacity and Quality of Service Manual, Third Edition},
	title = {Transit Capacity and Quality of Service Manual, Third Edition},
	url = {http://www.trb.org/Main/Blurbs/169437.aspx},
	year = {2013},
	bdsk-url-1 = {http://www.trb.org/Main/Blurbs/169437.aspx}}
